<record xmlns:xsi="http://www.w3.org/2001/XMLSchema-instance" xmlns="http://www.loc.gov/MARC21/slim" xsi:schemaLocation="http://www.loc.gov/MARC21/slim http://www.loc.gov/standards/marcxml/schema/MARC21slim.xsd">

  <leader>01375nam a2200349   4500</leader>
  <controlfield tag="008">160613b1995    cr a|||| |||| 00| | spa d</controlfield>
  <datafield ind2=" " ind1=" " tag="090">
    <subfield code="a">04.02.01 </subfield>
    <subfield code="b">2212 </subfield>
  </datafield>
  <datafield ind2=" " ind1="2" tag="110">
    <subfield code="9">1824</subfield>
    <subfield code="a">Centro Nacional para el Desarrollo de la mujer y la Familia </subfield>
  </datafield>
  <datafield tag="245" ind2="0" ind1="1">
    <subfield code="a">Conozcamos nuestros derechos / </subfield>
    <subfield code="c">Centro Nacional para el Desarrollo de la Mujer y la Familia</subfield>
  </datafield>
  <datafield ind2=" " ind1=" " tag="260">
    <subfield code="a">San Pedro, Costa Rica :</subfield>
    <subfield code="b">El Centro,</subfield>
    <subfield code="c">1995</subfield>
  </datafield>
  <datafield ind1=" " ind2=" " tag="300">
    <subfield code="a">volúmenes; </subfield>
    <subfield code="b">ilustraciones</subfield>
  </datafield>
  <datafield ind2=" " ind1=" " tag="490">
    <subfield code="a">Colección Metodologías</subfield>
  </datafield>
  <datafield tag="500" ind2=" " ind1=" ">
    <subfield code="a">Folletos del 1 al 10
</subfield>
  </datafield>
  <datafield tag="505" ind2=" " ind1=" ">
    <subfield code="t">Nuestros derechos como humanas. 
</subfield>
  </datafield>
  <datafield ind1=" " ind2=" " tag="505">
    <subfield code="t">Hostigamiento sexual ¿qué hacer? 
</subfield>
  </datafield>
  <datafield ind2=" " ind1=" " tag="505">
    <subfield code="t">¡Derecho a divertirnos también! 
</subfield>
  </datafield>
  <datafield tag="505" ind2=" " ind1=" ">
    <subfield code="t">La política: una alternativa de crecimiento. 
</subfield>
  </datafield>
  <datafield ind1=" " ind2=" " tag="505">
    <subfield code="t">La salud de las mujeres y los derechos reproductivos. 
</subfield>
  </datafield>
  <datafield tag="505" ind2=" " ind1=" ">
    <subfield code="t">Por una educación no sexista. 
</subfield>
  </datafield>
  <datafield ind1=" " ind2=" " tag="505">
    <subfield code="t">Una vida sin violencia es posible. 
 </subfield>
  </datafield>
  <datafield ind1=" " ind2=" " tag="505">
    <subfield code="t">Nuestros derechos en la familia. 
</subfield>
  </datafield>
  <datafield ind1=" " ind2=" " tag="505">
    <subfield code="t">Mujeres y el derecho a la propiedad. 
</subfield>
  </datafield>
  <datafield tag="505" ind1=" " ind2=" ">
    <subfield code="t">Trabajadoras... y con derechos.</subfield>
  </datafield>
  <datafield ind1="1" ind2="4" tag="650">
    <subfield code="9">84</subfield>
    <subfield code="a">DERECHOS DE LA MUJER</subfield>
  </datafield>
  <datafield ind2="4" ind1="1" tag="650">
    <subfield code="9">588</subfield>
    <subfield code="a">DERECHOS HUMANOS</subfield>
  </datafield>
  <datafield ind1="1" ind2="4" tag="650">
    <subfield code="9">1825</subfield>
    <subfield code="a">DERECHOS REPRODUCTIVOS </subfield>
  </datafield>
  <datafield ind2="4" ind1="1" tag="650">
    <subfield code="9">85</subfield>
    <subfield code="a">VIOLENCIA CONTRA LAS MUJERES</subfield>
  </datafield>
  <datafield tag="650" ind1="1" ind2="4">
    <subfield code="9">599</subfield>
    <subfield code="a">DERECHO A LA EDUCACIÓN</subfield>
  </datafield>
  <datafield tag="650" ind2="4" ind1="1">
    <subfield code="9">404</subfield>
    <subfield code="a">FAMILIA</subfield>
  </datafield>
  <datafield ind2="4" ind1="1" tag="650">
    <subfield code="9">1774</subfield>
    <subfield code="a">TRABAJADORAS</subfield>
  </datafield>
  <datafield tag="942" ind2=" " ind1=" ">
    <subfield code="2">z</subfield>
    <subfield code="c">01</subfield>
  </datafield>
  <datafield tag="999" ind2=" " ind1=" ">
    <subfield code="c">3242</subfield>
    <subfield code="d">3242</subfield>
  </datafield>
</record>